@Article{ref1,
author = {Michanol Nathan},
title = {En direct de l'enfer},
journal = {Les voies de la galère},
year = {1993},
}

@Article{ref2,
author = {Jhon Doe},
title = {Les 101 façons de se faire chier},
journal = {Zeubi news},
year = {2015},
}

